@article{mnih2015human,
  title={Human-level control through deep reinforcement learning},
  author={Mnih, Volodymyr and Kavukcuoglu, Koray and Silver, David and Rusu, Andrei A and Veness, Joel and Bellemare, Marc G and Graves, Alex and Riedmiller, Martin and Fidjeland, Andreas K and Ostrovski, Georg and others},
  journal={Nature},
  number={7540},
  pages={529},
  volume={518},
  year={2015},
}

@misc{openai2018dota,
  author = {OpenAI},
  title = {{OpenAI Five}},
  howpublished = {\url{https://blog.openai.com/openai-five/}},
  year = {2018}
}

@article{arulkumaran2017deep,
  title={Deep reinforcement learning: A brief survey},
  author={Arulkumaran, Kai and Deisenroth, Marc Peter and Brundage, Miles and Bharath, Anil Anthony},
  journal={IEEE Signal Processing Magazine},
  volume={34},
  number={6},
  pages={26--38},
  year={2017},
  publisher={IEEE}
}

@article{silver2017alphago,
  title={Mastering the game of Go without human knowledge},
  author={Silver, David and Schrittwieser, Julian and Simonyan, Karen and Antonoglou, Ioannis and Huang, Aja and Guez, Arthur and Hubert, Thomas and Baker, Lucas and Lai, Matthew and Bolton, Adrian and others},
  journal={Nature},
  volume={550},
  number={7676},
  pages={354},
  year={2017},
  publisher={Nature Publishing Group}
}

@inproceedings{schulman2015trust,
  title={Trust Region Policy Optimization.},
  author={Schulman, John and Levine, Sergey and Abbeel, Pieter and Jordan, Michael I and Moritz, Philipp},
  booktitle={International Conference on Machine Learning},
  year={2015}
}

@inproceedings{lillicrap2015continuous,
  title={Continuous control with deep reinforcement learning},
  author={Lillicrap, Timothy P and Hunt, Jonathan J and Pritzel, Alexander and Heess, Nicolas and Erez, Tom and Tassa, Yuval and Silver, David and Wierstra, Daan},
  booktitle = {International Conference on Learning Representations},
  year={2016}
}

@article{levine2016end,
  title={End-to-end training of deep visuomotor policies},
  author={Levine, Sergey and Finn, Chelsea and Darrell, Trevor and Abbeel, Pieter},
  journal={The Journal of Machine Learning Research},
  volume={17},
  number={1},
  pages={1334--1373},
  year={2016},
}


@inproceedings{kalashnikov2018qt,
  title={Qt-opt: Scalable deep reinforcement learning for vision-based robotic manipulation},
  author={Kalashnikov, Dmitry and Irpan, Alex and Pastor, Peter and Ibarz, Julian and Herzog, Alexander and Jang, Eric and Quillen, Deirdre and Holly, Ethan and Kalakrishnan, Mrinal and Vanhoucke, Vincent and others},
  booktitle={Conference on Robot Learning},
  year={2018}
}

@article{openai2019solving,
  title={Solving rubik's cube with a robot hand},
  author={Akkaya, Ilge and Andrychowicz, Marcin and Chociej, Maciek and Litwin, Mateusz and McGrew, Bob and Petron, Arthur and Paino, Alex and Plappert, Matthias and Powell, Glenn and Ribas, Raphael and others},
  journal={arXiv preprint arXiv:1910.07113},
  year={2019}
}



@inproceedings{nagabandi2019deep,
  title={Deep dynamics models for learning dexterous manipulation},
  author={Nagabandi, Anusha and Konolige, Kurt and Levine, Sergey and Kumar, Vikash},
  booktitle={Conference on Robot Learning},
  year={2020}
}

@inproceedings{ho2016generative,
  title={Generative adversarial imitation learning},
  author={Ho, Jonathan and Ermon, Stefano},
  booktitle={Advances in Neural Information Processing Systems},
  year={2016}
}

@article{finn2016connection,
  title={A connection between generative adversarial networks, inverse reinforcement learning, and energy-based models},
  author={Finn, Chelsea and Christiano, Paul and Abbeel, Pieter and Levine, Sergey},
  journal={arXiv preprint arXiv:1611.03852},
  year={2016}
}

@inproceedings{kuefler2017imitating,
  title={Imitating driver behavior with generative adversarial networks},
  author={Kuefler, Alex and Morton, Jeremy and Wheeler, Tim and Kochenderfer, Mykel},
  booktitle={2017 IEEE Intelligent Vehicles Symposium (IV)},
  pages={204--211},
  year={2017},
  organization={IEEE}
}

@article{fu2017learning,
  title={Learning robust rewards with adversarial inverse reinforcement learning},
  author={Fu, Justin and Luo, Katie and Levine, Sergey},
  journal={arXiv preprint arXiv:1710.11248},
  year={2017}
}

@inproceedings{fujimoto2019off,
  title={Off-policy deep reinforcement learning without exploration},
  author={Fujimoto, Scott and Meger, David and Precup, Doina},
  booktitle={International Conference on Machine Learning},
  pages={2052--2062},
  year={2019},
  organization={PMLR}
}

@inproceedings{kumar2019stabilizing,
  title={Stabilizing off-policy q-learning via bootstrapping error reduction},
  author={Kumar, Aviral and Fu, Justin and Soh, Matthew and Tucker, George and Levine, Sergey},
  booktitle={Advances in Neural Information Processing Systems},
  year={2019}
}

@article{kumar2020conservative,
  title={Conservative q-learning for offline reinforcement learning},
  author={Kumar, Aviral and Zhou, Aurick and Tucker, George and Levine, Sergey},
  journal={arXiv preprint arXiv:2006.04779},
  year={2020}
}

@article{kidambi2020morel,
  title={Morel: Model-based offline reinforcement learning},
  author={Kidambi, Rahul and Rajeswaran, Aravind and Netrapalli, Praneeth and Joachims, Thorsten},
  journal={arXiv preprint arXiv:2005.05951},
  year={2020}
}

@article{levine2020offline,
  title={Offline reinforcement learning: Tutorial, review, and perspectives on open problems},
  author={Levine, Sergey and Kumar, Aviral and Tucker, George and Fu, Justin},
  journal={arXiv preprint arXiv:2005.01643},
  year={2020}
}

@article{yu2020mopo,
  title={Mopo: Model-based offline policy optimization},
  author={Yu, Tianhe and Thomas, Garrett and Yu, Lantao and Ermon, Stefano and Zou, James and Levine, Sergey and Finn, Chelsea and Ma, Tengyu},
  journal={arXiv preprint arXiv:2005.13239},
  year={2020}
}

@inproceedings{liu2017imitation,
  title={Imitation from observation: Learning to imitate behaviors from raw video via context translation},
  author={Liu, YuXuan and Gupta, Abhishek and Abbeel, Pieter and Levine, Sergey},
  booktitle={International Conference on Robotics and Automation},
  year={2018}
}

@article{torabi2018generative,
  title={Generative adversarial imitation from observation},
  author={Torabi, Faraz and Warnell, Garrett and Stone, Peter},
  journal={arXiv preprint arXiv:1807.06158},
  year={2018}
}

@inproceedings{pathakICMl17curiosity,
  title={Curiosity-driven Exploration by Self-supervised Prediction},
  author={Pathak, Deepak and Agrawal, Pulkit and Efros, Alexei A. and Darrell, Trevor},
  booktitle={International Conference on Machine Learning},
  year={2017}
}


@inproceedings{pathak2019self,
  title={Self-Supervised Exploration via Disagreement},
  author={Pathak, Deepak and Gandhi, Dhiraj and Gupta, Abhinav},
  booktitle={International Conference on Machine Learning},
  year={2019}
}


@article{eysenbach2018diversity,
  title={Diversity is All You Need: Learning Skills without a Reward Function},
  author={Eysenbach, Benjamin and Gupta, Abhishek and Ibarz, Julian and Levine, Sergey},
  journal={arXiv:1802.06070},
  year={2018}
}


@article{hansen2019fast,
  title={Fast task inference with variational intrinsic successor features},
  author={Hansen, Steven and Dabney, Will and Barreto, Andre and Van de Wiele, Tom and Warde-Farley, David and Mnih, Volodymyr},
  journal={arXiv preprint arXiv:1906.05030},
  year={2019}
}

@article{sharma2019dynamics,
  title={Dynamics-aware unsupervised discovery of skills},
  author={Sharma, Archit and Gu, Shixiang and Levine, Sergey and Kumar, Vikash and Hausman, Karol},
  journal={arXiv preprint arXiv:1907.01657},
  year={2019}
}

@inproceedings{liu2021aps,
  title={Aps: Active pretraining with successor features},
  author={Liu, Hao and Abbeel, Pieter},
  booktitle={International Conference on Machine Learning},
  pages={6736--6747},
  year={2021},
  organization={PMLR}
}

@article{liu2021behavior,
  title={Behavior from the void: Unsupervised active pre-training},
  author={Liu, Hao and Abbeel, Pieter},
  journal={arXiv preprint arXiv:2103.04551},
  year={2021}
}

@article{yarats2021reinforcement,
  title={Reinforcement learning with prototypical representations},
  author={Yarats, Denis and Fergus, Rob and Lazaric, Alessandro and Pinto, Lerrel},
  journal={arXiv preprint arXiv:2102.11271},
  year={2021}
}

@article{lowe2017multiagent,
  title={Multi-agent actor-critic for mixed cooperative-competitive environments},
  author={Lowe, Ryan and Wu, Yi I and Tamar, Aviv and Harb, Jean and Abbeel, Pieter and Mordatch, Igor},
  journal={Advances in neural information processing systems},
  year={2017}
}

@article{foerster2016learning,
  title={Learning to communicate with deep multi-agent reinforcement learning},
  author={Foerster, Jakob and Assael, Ioannis Alexandros and De Freitas, Nando and Whiteson, Shimon},
  journal={Advances in neural information processing systems},
  volume={29},
  year={2016}
}

@article{sukhbaatar2016learning,
  title={Learning multiagent communication with backpropagation},
  author={Sukhbaatar, Sainbayar and Fergus, Rob and others},
  journal={Advances in neural information processing systems},
  volume={29},
  year={2016}
}

@article{lazaridou2016multi,
  title={Multi-agent cooperation and the emergence of (natural) language},
  author={Lazaridou, Angeliki and Peysakhovich, Alexander and Baroni, Marco},
  journal={arXiv preprint arXiv:1612.07182},
  year={2016}
}

@inproceedings{mordatch2017emergence,
  title={Emergence of grounded compositional language in multi-agent populations},
  author={Mordatch, Igor and Abbeel, Pieter},
  booktitle ={AAAI Conference on Artificial Intelligence},
  year={2017}
}

@inproceedings{sukhbaatar2017intrinsic,
  title={Intrinsic Motivation and Automatic Curricula via Asymmetric Self-Play},
  author={Sukhbaatar, Sainbayar and Kostrikov, Ilya and Szlam, Arthur and Fergus, Rob},
  booktitle={International Conference on Learning Representations},
  year={2018}
}

@inproceedings{florensa2018automatic,
  title={Automatic goal generation for reinforcement learning agents},
  author={Florensa, Carlos and Held, David and Geng, Xinyang and Abbeel, Pieter},
  booktitle={International conference on machine learning},
  pages={1515--1528},
  year={2018},
  organization={PMLR}
}

@article{racaniere2019automated,
  title={Automated curricula through setter-solver interactions},
  author={Racaniere, Sebastien and Lampinen, Andrew K and Santoro, Adam and Reichert, David P and Firoiu, Vlad and Lillicrap, Timothy P},
  journal={arXiv preprint arXiv:1909.12892},
  year={2019}
}

@article{openai2021asymmetric,
  title={Asymmetric self-play for automatic goal discovery in robotic manipulation},
  author={OpenAI, OpenAI and Plappert, Matthias and Sampedro, Raul and Xu, Tao and Akkaya, Ilge and Kosaraju, Vineet and Welinder, Peter and D'Sa, Ruben and Petron, Arthur and Pinto, Henrique P d O and others},
  journal={arXiv preprint arXiv:2101.04882},
  year={2021}
}

@article{dennis2020emergent,
  title={Emergent complexity and zero-shot transfer via unsupervised environment design},
  author={Dennis, Michael and Jaques, Natasha and Vinitsky, Eugene and Bayen, Alexandre and Russell, Stuart and Critch, Andrew and Levine, Sergey},
  journal={arXiv preprint arXiv:2012.02096},
  year={2020}
}

@inproceedings{haarnoja2018soft,
  title={Soft actor-critic: Off-policy maximum entropy deep reinforcement learning with a stochastic actor},
  author={Haarnoja, Tuomas and Zhou, Aurick and Abbeel, Pieter and Levine, Sergey},
  booktitle={International Conference on Machine Learning},
  year={2018}
}

@inproceedings{misha20curl,
  title={CURL: Contrastive Unsupervised Representations for Reinforcement Learning},
  author={Srinivas, Aravind and Laskin, Michael and Abbeel, Pieter},
  booktitle={International Conference on Machine Learning},
  year={2020}
}

@inproceedings{RAD,
  title={Reinforcement learning with augmented data},
  author={Laskin, Michael and Lee, Kimin and Stooke, Adam and Pinto, Lerrel and Abbeel, Pieter and Srinivas, Aravind},
  booktitle={Advances in Neural Information Processing Systems},
  year={2020}
}

@inproceedings{
URLB,
title={{URLB}: Unsupervised Reinforcement Learning Benchmark},
author={Michael Laskin and Denis Yarats and Hao Liu and Kimin Lee and Albert Zhan and Kevin Lu and Catherine Cang and Lerrel Pinto and Pieter Abbeel},
booktitle={Thirty-fifth Conference on Neural Information Processing Systems Datasets and Benchmarks Track (Round 2)},
year={2021},
}

@inproceedings{pebble,
  title={PEBBLE: Feedback-Efficient Interactive Reinforcement Learning via Relabeling Experience and Unsupervised Pre-training},
  author={Kimin Lee and Laura Smith and Pieter Abbeel},
  booktitle={International Conference on Machine Learning},
  year={2021}
}


@inproceedings{
lee2021bpref,
title={B-Pref: Benchmarking Preference-Based Reinforcement Learning},
author={Kimin Lee and Laura Smith and Anca Dragan and Pieter Abbeel},
booktitle={Thirty-fifth Conference on Neural Information Processing Systems Datasets and Benchmarks Track (Round 1)},
year={2021},
}

@inproceedings{duan2016benchmarking,
  title={Benchmarking deep reinforcement learning for continuous control},
  author={Duan, Yan and Chen, Xi and Houthooft, Rein and Schulman, John and Abbeel, Pieter},
  booktitle={International Conference on Machine Learning},
  year={2016}
}

@article{openaigym,
  title={OpenAI gym},
  author={Brockman, Greg and Cheung, Vicki and Pettersson, Ludwig and Schneider, Jonas and Schulman, John and Tang, Jie and Zaremba, Wojciech},
  journal={arXiv:1606.01540},
  year={2016}
}
