@inproceedings{xiao2022agent,
  title={Agent-Temporal Attention for Reward Redistribution in Episodic Multi-Agent Reinforcement Learning},
  author={Xiao, Baicen and Ramasubramanian, Bhaskar and Poovendran, Radha},
  booktitle={International Conference on Autonomous Agents and Multi-Agent Systems}, 
  year={2022}
}

@inproceedings{ramasubramanian2021reinforcement,
  author={Ramasubramanian, Bhaskar and Niu, Luyao and Clark, Andrew and Poovendran, Radha},
  booktitle={IEEE Conference on Decision and Control (CDC)}, 
  title={Reinforcement Learning Beyond Expectation}, 
  year={2021},
  volume={},
  number={},
  pages={1528-1535}
}

@inproceedings{xiao2020fresh,
  title={FRESH: Interactive Reward Shaping in High-Dimensional State Spaces using Human Feedback},
  author={Xiao, Baicen and Lu, Qifan and Ramasubramanian, Bhaskar and Clark, Andrew and Bushnell, Linda and Poovendran, Radha},
  booktitle={International Conference on Autonomous Agents and MultiAgent Systems},
  pages={1512--1520},
  year={2020}
}

@article{ramasubramanian2021secure,
  title={Secure control in partially observable environments to satisfy LTL specifications},
  author={Ramasubramanian, Bhaskar and Niu, Luyao and Clark, Andrew and Bushnell, Linda and Poovendran, Radha},
  journal={IEEE Transactions on Automatic Control},
  volume={66},
  number={12},
  pages={5665--5679},
  year={2021},
  publisher={IEEE}
}

@inproceedings{sahabandu2020quickest,
  title={Quickest detection of advanced persistent threats: a semi-markov game approach},
  author={Sahabandu, Dinuka and Allen, Joey and Moothedath, Shana and Bushnell, Linda and Lee, Wenke and Poovendran, Radha},
  booktitle={ACM/IEEE 11th International Conference on Cyber-Physical Systems (ICCPS)},
  pages={9--19},
  year={2020},
  organization={IEEE}
}

@article{moothedath2020game,
  title={A game-theoretic approach for dynamic information flow tracking to detect multistage advanced persistent threats},
  author={Moothedath, Shana and Sahabandu, Dinuka and Allen, Joey and Clark, Andrew and Bushnell, Linda and Lee, Wenke and Poovendran, Radha},
  journal={IEEE Transactions on Automatic Control},
  volume={65},
  number={12},
  pages={5248--5263},
  year={2020},
  publisher={IEEE}
}

@inproceedings{niu2021game,
  title={A Game-Theoretic Framework for Controlled Islanding in the Presence of Adversaries},
  author={Niu, Luyao and Sahabandu, Dinuka and Clark, Andrew and Poovendran, Radha},
  booktitle={International Conference on Decision and Game Theory for Security},
  pages={231--250},
  year={2021},
  organization={Springer}
}

@inproceedings{misra2019learning,
  title={Learning equilibria in stochastic information flow tracking games with partial knowledge},
  author={Misra, Shruti and Moothedath, Shana and Hosseini, Hossein and Allen, Joey and Bushnell, Linda and Lee, Wenke and Poovendran, Radha},
  booktitle={IEEE Conference on Decision and Control (CDC)},
  pages={4053--4060},
  year={2019},
  organization={IEEE}
}

@article{xiao2022shaping,
  title={Shaping Advice in Deep Reinforcement Learning},
  author={Xiao, Baicen and Ramasubramanian, Bhaskar and Poovendran, Radha},
  journal={IEEE Transactions on Neural Networks and Learning Systems (Submitted, Feb 2022)},
  volume={},
  number={},
  pages={},
  year={2022},
  publisher={IEEE}
}

@inproceedings{xiao2019potential,
  author={Xiao, Baicen and Ramasubramanian, Bhaskar and Clark, Andrew and Hajishirzi, Hannaneh and Bushnell, Linda and Poovendran, Radha},
  booktitle={IEEE Conference on Decision and Control (CDC)}, 
  title={Potential-Based Advice for Stochastic Policy Learning <sup>*</sup>}, 
  year={2019},
  volume={},
  number={},
  pages={1842-1849}
}

@inproceedings{brogi2016terminaptor,
  title={Terminaptor: {H}ighlighting advanced persistent threats through information flow tracking},
  author={Brogi, Guillaume and Tong, Val{\'e}rie Viet Triem},
  booktitle={International Conference on New Technologies, Mobility and Security (NTMS)},
  pages={1--5},
  year={2016},
  organization={IEEE}
}

@article{huang2019adaptive,
  title={Adaptive strategic cyber defense for advanced persistent threats in critical infrastructure networks},
  author={Huang, Linan and Zhu, Quanyan},
  journal={ACM SIGMETRICS Performance Evaluation Review},
  volume={46},
  number={2},
  pages={52--56},
  year={2019},
  publisher={ACM New York, NY, USA}
}

@article{ahmad2019strategically,
  title={Strategically-motivated advanced persistent threat: {D}efinition, process, tactics and a disinformation model of counterattack},
  author={Ahmad, Atif and Webb, Jeb and Desouza, Kevin C and Boorman, James},
  journal={Computers \& Security},
  volume={86},
  pages={402--418},
  year={2019},
  publisher={Elsevier}
}

@article{alshamrani2019survey,
  title={A survey on advanced persistent threats: {T}echniques, solutions, challenges, and research opportunities},
  author={Alshamrani, Adel and Myneni, Sowmya and Chowdhary, Ankur and Huang, Dijiang},
  journal={IEEE Communications Surveys \& Tutorials},
  volume={21},
  number={2},
  pages={1851--1877},
  year={2019},
  publisher={IEEE}
}

@article{zhu2018multi,
  title={On multi-phase and multi-stage game-theoretic modeling of advanced persistent threats},
  author={Zhu, Quanyan and Rass, Stefan},
  journal={IEEE Access},
  volume={6},
  pages={13958--13971},
  year={2018},
  publisher={IEEE}
}

@inproceedings{pan2021effects,
  title={The Effects of Reward Misspecification: {M}apping and Mitigating Misaligned Models},
  author={Pan, Alexander and Bhatia, Kush and Steinhardt, Jacob},
  booktitle={Deep RL Workshop, NeurIPS 2021},
  year={2021}
}

@inproceedings{talvitie2018learning,
  title={Learning the reward function for a misspecified model},
  author={Talvitie, Erik},
  booktitle={International Conference on Machine Learning},
  pages={4838--4847},
  year={2018},
  organization={PMLR}
}

@inproceedings{ng1999policy,
  title={Policy invariance under reward transformations: {T}heory and application to reward shaping},
  author={Ng, Andrew Y and Harada, Daishi and Russell, Stuart},
  booktitle={Inernational Conference on Machine Learning},
  volume={99},
  pages={278--287},
  year={1999}
}

@article{devlin2011empirical,
  title={An empirical study of potential-based reward shaping and advice in complex, multi-agent systems},
  author={Devlin, Sam and Kudenko, Daniel and Grze{\'s}, Marek},
  journal={Advances in Complex Systems},
  volume={14},
  number={02},
  pages={251--278},
  year={2011},
  publisher={World Scientific}
}

@inproceedings{devlin2014potential,
  title={Potential-based difference rewards for multiagent reinforcement learning},
  author={Devlin, Sam and Yliniemi, Logan and Kudenko, Daniel and Tumer, Kagan},
  booktitle={International Conference on Autonomous Agents and Multi-Agent Systems},
  pages={165--172},
  year={2014}
}

@inproceedings{harutyunyan2015expressing,
  title={Expressing arbitrary reward functions as potential-based advice},
  author={Harutyunyan, Anna and Devlin, Sam and Vrancx, Peter and Now{\'e}, Ann},
  booktitle={Proceedings of the AAAI Conference on Artificial Intelligence},
  volume={29},
  number={1},
  year={2015}
}

@article{klissarov2020reward,
  title={Reward propagation using graph convolutional networks},
  author={Klissarov, Martin and Precup, Doina},
  journal={Advances in Neural Information Processing Systems},
  volume={33},
  pages={12895--12908},
  year={2020}
}

@inproceedings{mesnard2021counterfactual,
  title={Counterfactual Credit Assignment in Model-Free Reinforcement Learning},
  author={Mesnard, Thomas and Weber, Theophane and Viola, Fabio and Thakoor, Shantanu and Saade, Alaa and Harutyunyan, Anna and Dabney, Will and Stepleton, Thomas S and Heess, Nicolas and Guez, Arthur and others},
  booktitle={International Conference on Machine Learning},
  pages={7654--7664},
  year={2021},
  organization={PMLR}
}

@article{sviridenko2017optimal,
  title={Optimal approximation for submodular and supermodular optimization with bounded curvature},
  author={Sviridenko, Maxim and Vondr{\'a}k, Jan and Ward, Justin},
  journal={Mathematics of Operations Research},
  volume={42},
  number={4},
  pages={1197--1218},
  year={2017},
  publisher={INFORMS}
}

@article{liu2018controlled,
  title={Controlled islanding via weak submodularity},
  author={Liu, Zhipeng and Clark, Andrew and Bushnell, Linda and Kirschen, Daniel S and Poovendran, Radha},
  journal={IEEE Transactions on Power Systems},
  volume={34},
  number={3},
  pages={1858--1868},
  year={2018},
  publisher={IEEE}
}

@article{sahabandu2021scalable,
title={Scalable Planning in Multi-Agent {M}arkov Decision Processes},
author={Sahabandu, Dinuka and Niu, Luyao and Clark, Andrew and Poovendran, Radha},
journal={IEEE Conference on Decision and Control (CDC)},
pages={5932--5939},
year={2021}
}

@article{liu2018minimal,
  title={Minimal input and output selection for stability of systems with uncertainties},
  author={Liu, Zhipeng and Long, Yao and Clark, Andrew and Bushnell, Linda and Kirschen, Daniel S and Poovendran, Radha},
  journal={IEEE Transactions on Automatic Control},
  volume={64},
  number={4},
  pages={1456--1471},
  year={2018},
  publisher={IEEE}
}




