@inproceedings{wang22coevolution, 
author="Haotian Wang and Feng Luo and Jie Gao",
title="Co-evolution of Opinion and Social Tie Dynamics Towards Structural Balance",
booktitle="Proceedings of the ACM-SIAM Symposium on Discrete Algorithms (SODAâ€™22)",
month="January",
year="2022"
}

@inproceedings{gao19volatility, 
title="The Volatility of Weak Ties: Co-evolution of Selection and Influence in Social Networks", 
    author="Jie Gao and Grant Schoenebeck and Fang-Yi Yu",
    booktitle="Proceedings of the 18th International Conference on Autonomous Agents and Multiagent Systems (AAMAS 2019)",
month="May",
pages="619--627",
year="2019"
}

@article{ebrahimi17complex, 
    title="Complex Contagions in Preferential Attachment Models and Other Time-Evolving Networks",
    author="Roozbeh Ebrahimi and Jie Gao and Golnaz Ghasemiesfeh and Grant Schoenebeck", 
    journal="IEEE Transactions on Network Science and Engineering",
    volume="4",
    number="4", 
    pages="201--214", 
    year="2017"
}

@inproceedings{gao16general, 
 author = {Gao, Jie and Ghasemiesfeh, Golnaz and Schoenebeck, Grant and Yu, Fang-Yi},
 title = {General Threshold Model for Social Cascades: Analysis and Simulations},
 booktitle = {Proceedings of the 2016 ACM Conference on Economics and Computation},
 series = {EC '16},
 year = {2016},
 isbn = {978-1-4503-3936-0},
 location = {Maastricht, The Netherlands},
 pages = {617--634},
 numpages = {18},
 url = {http://doi.acm.org/10.1145/2940716.2940778},
 doi = {10.1145/2940716.2940778},
 acmid = {2940778},
 publisher = {ACM},
 address = {New York, NY, USA},
 keywords = {general threshold model, preferential attachment graph, social cascades, stochastic attachment graph},
} 

@inproceedings{gao2017engineering,
  title={Engineering Agreement: The Naming Game with Asymmetric and Heterogeneous Agents},
  author={Gao, Jie and Li, Bo and Schoenebeck, Grant and Yu, Fang-Yi},
  booktitle={AAAI},
  pages={537--543},
  year={2017}
}


@inproceedings{Ghasemiesfeh:2013:CCW, 
 author = {Ghasemiesfeh, Golnaz and Ebrahimi, Roozbeh and Gao, Jie},
 title = {Complex contagion and the weakness of long ties in social networks: revisited},
 booktitle = {Proceedings of the fourteenth ACM conference on Electronic commerce},
 series = {EC '13},
 year = {2013},
 isbn = {978-1-4503-1962-1},
 location = {Philadelphia, Pennsylvania, USA},
 pages = {507--524},
 numpages = {18},
 url = {http://doi.acm.org/10.1145/2482540.2482550},
 doi = {10.1145/2482540.2482550},
 acmid = {2482550},
 publisher = {ACM},
 address = {New York, NY, USA},
 keywords = {complex contagion, computational social science, diffusion, social networks},
}
