@inproceedings{radha_arel,
  title={Agent-Temporal Attention for Reward Redistribution in Episodic Multi-Agent Reinforcement Learning},
  author={Xiao, Baicen and Ramasubramanian, Bhaskar and Radha Poovendran},
  booktitle={21st International Conference on Autonomous Agents and Multiagent Systems (AAMAS)},
  pages={1--16},
  year={2021}
}

@InProceedings{SilvestreRosaHespanhaSilvestreJun14,
  title =    {Finite-time Average Consensus in a Byzantine Environment Using Set-Valued
                  Observers},
  author =    {Daniel Silvestre and Paulo Rosa and Jo{\~a}o Pedro Hespanha and Carlos Silvestre},
  booktitle =    "Proc. of the 2014 Amer. Contr. Conf.",
  month =    "June",
  year =    2014,
}
